@TechReport{qap-origin,
  author = {Tjalling C. Koopmans and Martin J. Beckmann},
  year = {1955},
  title = {{Assignment Problems and the Location of Economic Activities}},
  institution = {Cowles Foundation for Research in Economics, Yale University}
}

@InBook{metatheory,
  author =       {Ibrahim H. Osman and James P. Kelly},
  title =        {{Meta-heuristics: Theory \& Applications}},
  chapter =      {{Meta-Heuristics: An Overview}},
  year =         {1996},
  publisher =    {Kluwer Academic Publishers}
}


@Misc{qaplib,
 author = {R. E. Burkard and E. Çela and S. E. Karisch and F. Rendl},
 title = {{QAPLIB -- A Quadratic Assignment Problem Library}},
 year = {2002},
 howpublished = {\url{http://www.opt.math.tu-graz.ac.at/qaplib/inst.html}},
 note = {Acessado em 9 de Novembro de 2010}
}

@MISC{Maniezzo98exactand,
    author = {Vittorio Maniezzo and Vittorio Maniezzo Scienze Dell'informazione and Université Di Bologna and Via Sacchi},
    title = {{Exact And Approximate Nondeterministic Tree-Search Procedures For The Quadratic Assignment Problem}},
    year = {1998}
}

@article{ACO,
    author = {Dorigo, Marc and Krzysztof, Socha},
    chapter = {TR/IRIDIA/2006-010},
    citeulike-article-id = {4567842},
    issn = {1781-3794},
    journal = {IRIDIA Technical Report Series},
    keywords = {ant\_colony, swarm\_intelligence, tutorial},
    posted-at = {2009-05-21 09:03:38},
    priority = {2},
    title = {{An Introduction to Ant Colony Optimization}},
    year = {2006}
}

@INPROCEEDINGS{merz_freisleben,
    author = {Peter Merz and Bernd Freisleben},
    title = {{A Comparison of Memetic Algorithms, Tabu Search, and Ant Colonies for the Quadratic Assignment Problem}},
    booktitle = {Congress on Evolutionary Computation, IEEE},
    year = {1999},
    pages = {2063--2070},
    publisher = {Press}
}

@article{QACO,
 author = {Maniezzo, Vittorio and Colorni, Alberto},
 title = {{The Ant System Applied to the Quadratic Assignment Problem}},
 journal = {IEEE Transactions on Knowledge and Data Engineering},
 volume = {11},
 issue = {5},
 month = {September},
 year = {1999},
 pages = {769--778},
 numpages = {10},
 publisher = {IEEE Educational Activities Department},
 address = {Piscataway, NJ, USA},
 keywords = {Heuristic algorithms, distributed algorithms, ant system, evolutionary computation, quadratic assignment problem, combinatorial optimization, knowledge pooling.},
}

@MISC{moscato1,
    author = {Pablo Moscato},
    title = {{On Evolution, Search, Optimization, Genetic Algorithms and Martial Arts -- Towards Memetic Algorithms}},
    year = {1989}
}

@Article{moscato2,
  author = {P. Moscato and C. Cotta},
  title = {{Una Introducción a los Algoritmos Meméticos}},
  pages = {131 -- 148},
  journal = {Inteligencia Artificial},
  volume = {13},
  number = {2},
  year = {2003}
}
